@article{one,
	author={Andrew Begel and Nachiappan Nagappan},  
	title={Usage and Perceptions of Agile Software Development in an Industrial Context: An Exploratory Study},
	journal = {First International Symposium on Empirical Software Engineering and Measurement (ESEM 2007)},
	year={2007}, 
	pages={255-264}
}

@article{two,
	author={Aneesa Rida Asghar and Atika Tabassum and Shahid Nazir Bhatti and Amr Mohsen Jadi},
	title={Impact and challenges of requirements elicitation and prioritization in quality to agile process: Scrum as a case scenario}, 
	journal = {2017 International Conference on Communication Technologies (ComTech)},
	year={2017}, 
	pages={50-55}
}

@misc{three,
	title={Principles behind the Agile Manifesto},
	author={Kent Beck and Mike Beedle and Arie van Bennekum and Alistair Cockburn and Ward Cunningham and Martin Fowler and James Grenning and Jim Highsmith and Andrew Hunt and Ron Jeffries and Jon Kern and Brian Marick and Robert C. Martin and Steve Mellor and Ken Schwaber and Jeff Sutherland and Dave Thomas}, 
	howpublished={[Online]. Available: \url{http://agilemanifesto.org/}},
    note={[Accessed: 09-Nov-2017]}
}

@misc{four,
	title={Agile Game Development – A Quick Overview},
	author={Raluca},
	howpublished={[Online]. Available: \url{https://marionettestudio.com/agile-game-development-quick-overview/}},
    note={[Accessed: 11-Nov-2017]}
}

@misc{five,
	title={Scrum},
	howpublished={[Online]. Available: \url{https://www.mountaingoatsoftware.com/agile/scrum}},
    note={[Accessed: 11-Nov-2017]}
}

@misc{six,
	title={Getting Lean with Weekly Sprints},
	author={Dan Ackerson},
	howpublished={[Online]. Available: \url{http://www.agileweboperations.com/getting-lean-with-weekly-sprints}},
    note={[Accessed: 12-Nov-2017]}
}

@misc{seven,
	title={Two weeks is the worst sprint length},
	author={Rob Galanakis},
	howpublished={[Online]. Available: \url{https://dzone.com/articles/two-weeks-worst-sprint-length}},
    note={[Accessed: 12-Nov-2017]}
}

@article{eight,
	author={Cristiano Politowski and Lisandra Fontoura and Fabio Petrillo and Yann-Gaël Guéhéneuc}, 
	title={Are the Old Days Gone? A Survey on Actual Software Engineering Processes in Video Game Industry},
	journal = {2016 IEEE/ACM 5th International Workshop on Games and Software Engineering (GAS)},
	year={2016}, 
	pages={22-28}
}